<record><leader>00000cas a22000007a 4500</leader><controlfield tag="001">12735145</controlfield><controlfield tag="008">851029d18941898utuwr ne      0    0eng d</controlfield><datafield ind1=" " ind2=" " tag="010"><subfield code="a">sn 85058279 </subfield></datafield><datafield ind1=" " ind2=" " tag="040"><subfield code="a">UNP</subfield><subfield code="b">eng</subfield><subfield code="c">UNP</subfield><subfield code="d">OCLCQ</subfield></datafield><datafield ind1=" " ind2=" " tag="042"><subfield code="a">msc</subfield></datafield><datafield ind1="0" ind2="4" tag="245"><subfield code="a">The Millard progress.</subfield></datafield><datafield ind1=" " ind2=" " tag="260"><subfield code="a">Fillmore City, Utah :</subfield><subfield code="b">J.P. Jacobson,</subfield><subfield code="c">1894-</subfield></datafield><datafield ind1=" " ind2=" " tag="300"><subfield code="a">v. :</subfield><subfield code="b">ill.</subfield></datafield><datafield ind1=" " ind2=" " tag="310"><subfield code="a">Weekly</subfield></datafield><datafield ind1="0" ind2=" " tag="362"><subfield code="a">Vol. 1, no. 1 (Jan. 25, 1894)-</subfield></datafield><datafield ind1="1" ind2=" " tag="362"><subfield code="a">Ceased in 1898?</subfield><subfield code="z">Cf. NIM, 1948-83.</subfield></datafield><datafield ind1=" " ind2=" " tag="580"><subfield code="a">Continued by: Millard County progress (Fillmore, Utah : 1898) (non-extant?).</subfield></datafield><datafield ind1=" " ind2=" " tag="752"><subfield code="a">United States</subfield><subfield code="b">Utah</subfield><subfield code="c">Millard</subfield><subfield code="d">Fillmore.</subfield></datafield><datafield ind1="1" ind2="0" tag="785"><subfield code="t">Millard County progress (Fillmore, Utah : 1898)</subfield></datafield></record>